@book{strang2006linear,
  title={Linear algebra and its applications.},
  author={Strang, Gilbert},
  year={2006},
  publisher={Belmont, CA: Thomson, Brooks/Cole}
}

@book{boyd2004convex,
  title={Convex optimization},
  author={Boyd, Stephen and Boyd, Stephen P and Vandenberghe, Lieven},
  year={2004},
  publisher={Cambridge university press}
}

@MISC {518103,
    TITLE = {Show bounded and convex function on $\mathbb R$ is constant},
    AUTHOR = {hmakholm left over Monica (https://math.stackexchange.com/users/14366/hmakholm-left-over-monica)},
    HOWPUBLISHED = {Mathematics Stack Exchange},
    NOTE = {URL:https://math.stackexchange.com/q/518103 (version: 2013-10-07)},
    EPRINT = {https://math.stackexchange.com/q/518103},
    URL = {https://math.stackexchange.com/q/518103}
}